@misc{FetchAPI36:online,
  author = {},
  title = {Fetch API - Web APIs | MDN},
  howpublished = {\url{https://developer.mozilla.org/en-US/docs/Web/API/Fetch_API}},
  month = {},
  year = {},
  note = {(Accessed on 11/04/2019)}
}

@article{Mohammad13,
	Author = {Mohammad, Saif M. and Turney, Peter D.},
	Booktitle = {Computational Intelligence},
	Number = {3},
	Pages = {436--465},
	Title = {Crowdsourcing a Word-Emotion Association Lexicon},
	Volume = {29},
	Year = {2013}
}

@inproceedings{vad-acl2018,
  title={Obtaining Reliable Human Ratings of Valence, Arousal, and Dominance for 20,000 English Words},
  author={Mohammad, Saif M.},
  booktitle={Proceedings of The Annual Conference of the Association for Computational Linguistics (ACL)},
  year={2018},
  address={Melbourne, Australia}
}

@inproceedings{LREC18-AIL,
  author = {Mohammad, Saif M.},
  title = {Word Affect Intensities},
  booktitle = {Proceedings of the 11th Edition of the Language Resources and Evaluation Conference (LREC-2018)},
  year = {2018},
  address={Miyazaki, Japan}
}

@misc{ErrorPer49:online,
  author = {},
  title = {Error Permission denied (publickey) when I try to ssh | DigitalOcean},
  howpublished = {\url{https://www.digitalocean.com/community/questions/error-permission-denied-publickey-when-i-try-to-ssh}},
  month = {},
  year = {},
  note = {(Accessed on 11/12/2019)}
}

@misc{DigitalO1:online,
  author = {},
  title = {DigitalOcean – The developer cloud},
  howpublished = {\url{https://www.digitalocean.com/}},
  month = {},
  year = {},
  note = {(Accessed on 11/12/2019)}
}

@misc{HowToPre29:online,
  author = {},
  title = {How-To-Prevent-Scraping/README.md at master · JonasCz/How-To-Prevent-Scraping},
  howpublished = {\url{https://github.com/JonasCz/How-To-Prevent-Scraping/blob/master/README.md}},
  month = {},
  year = {},
  note = {(Accessed on 11/12/2019)}
}

@misc{MobyThes97:online,
  author = {},
  title = {Moby Thesaurus},
  howpublished = {\url{http://moby-thesaurus.org/}},
  month = {},
  year = {},
  note = {(Accessed on 11/12/2019)}
}

@misc{Selenium25:online,
  author = {},
  title = {Selenium - Web Browser Automation},
  howpublished = {\url{https://www.seleniumhq.org/}},
  month = {},
  year = {},
  note = {(Accessed on 11/12/2019)}
}

@misc{Thesauru2:online,
  author = {},
  title = {Thesaurus.com | Synonyms and Antonyms of Words at Thesaurus.com},
  howpublished = {\url{https://www.thesaurus.com/}},
  month = {},
  year = {},
  note = {(Accessed on 11/12/2019)}
}

@misc{BigHugeT88:online,
  author = {},
  title = {Big Huge Thesaurus API},
  howpublished = {\url{https://words.bighugelabs.com/}},
  month = {},
  year = {},
  note = {(Accessed on 11/12/2019)}
}

@misc{UsingGoM42:online,
  author = {},
  title = {Using Go Modules - The Go Blog},
  howpublished = {\url{https://blog.golang.org/using-go-modules}},
  month = {},
  year = {},
  note = {(Accessed on 11/12/2019)}
}

@misc{NGINXHig46:online,
  author = {},
  title = {NGINX | High Performance Load Balancer, Web Server, \& Reverse Proxy},
  howpublished = {\url{https://www.nginx.com/}},
  month = {},
  year = {},
  note = {(Accessed on 11/12/2019)}
}

@misc{LetsEncr62:online,
  author = {},
  title = {Let's Encrypt - Free SSL/TLS Certificates},
  howpublished = {\url{https://letsencrypt.org/}},
  month = {},
  year = {},
  note = {(Accessed on 11/12/2019)}
}

@misc{SafeMDNW66:online,
  author = {},
  title = {Safe - MDN Web Docs Glossary: Definitions of Web-related terms | MDN},
  howpublished = {\url{https://developer.mozilla.org/en-US/docs/Glossary/safe}},
  month = {},
  year = {},
  note = {(Accessed on 11/12/2019)}
}

@misc{Idempote58:online,
  author = {},
  title = {Idempotent - MDN Web Docs Glossary: Definitions of Web-related terms | MDN},
  howpublished = {\url{https://developer.mozilla.org/en-US/docs/Glossary/idempotent}},
  month = {},
  year = {},
  note = {(Accessed on 11/12/2019)}
}

@misc{muxGoril57:online,
  author = {},
  title = {mux - Gorilla, the golang web toolkit},
  howpublished = {\url{http://www.gorillatoolkit.org/pkg/mux}},
  month = {},
  year = {},
  note = {(Accessed on 11/12/2019)}
}