@misc{
  FetchAPI36:online,
  author = {},
  title = {Fetch API - Web APIs | MDN},
  howpublished = {\url{https://developer.mozilla.org/en-US/docs/Web/API/Fetch_API}},
  month = {},
  year = {},
  note = {(Accessed on 11/04/2019)}
}